%YAML 1.1
%TAG !u! tag:unity3d.com,2011:
--- !u!1 &7196957749272089389
GameObject:
  m_ObjectHideFlags: 0
  m_CorrespondingSourceObject: {fileID: 0}
  m_PrefabInstance: {fileID: 0}
  m_PrefabAsset: {fileID: 0}
  serializedVersion: 6
  m_Component:
  - component: {fileID: 2889450337613394497}
  m_Layer: 0
  m_Name: Shoot Point
  m_TagString: Untagged
  m_Icon: {fileID: 0}
  m_NavMeshLayer: 0
  m_StaticEditorFlags: 0
  m_IsActive: 1
--- !u!4 &2889450337613394497
Transform:
  m_ObjectHideFlags: 0
  m_CorrespondingSourceObject: {fileID: 0}
  m_PrefabInstance: {fileID: 0}
  m_PrefabAsset: {fileID: 0}
  m_GameObject: {fileID: 7196957749272089389}
  m_LocalRotation: {x: 0, y: 0, z: 0, w: 1}
  m_LocalPosition: {x: 0, y: 0.333, z: 0}
  m_LocalScale: {x: 1, y: 1, z: 1}
  m_Children: []
  m_Father: {fileID: 7367719520065882737}
  m_RootOrder: 1
  m_LocalEulerAnglesHint: {x: 0, y: 0, z: 0}
--- !u!1 &7367719519783230903
GameObject:
  m_ObjectHideFlags: 0
  m_CorrespondingSourceObject: {fileID: 0}
  m_PrefabInstance: {fileID: 0}
  m_PrefabAsset: {fileID: 0}
  serializedVersion: 6
  m_Component:
  - component: {fileID: 7367719519783230900}
  - component: {fileID: 7367719519783230901}
  - component: {fileID: 7367719519783230890}
  - component: {fileID: 7367719519783230891}
  m_Layer: 0
  m_Name: Seek Range
  m_TagString: Untagged
  m_Icon: {fileID: 0}
  m_NavMeshLayer: 0
  m_StaticEditorFlags: 0
  m_IsActive: 1
--- !u!4 &7367719519783230900
Transform:
  m_ObjectHideFlags: 0
  m_CorrespondingSourceObject: {fileID: 0}
  m_PrefabInstance: {fileID: 0}
  m_PrefabAsset: {fileID: 0}
  m_GameObject: {fileID: 7367719519783230903}
  m_LocalRotation: {x: 0, y: 0, z: 0, w: 1}
  m_LocalPosition: {x: 0, y: 0, z: 0}
  m_LocalScale: {x: 2, y: 2, z: 1}
  m_Children: []
  m_Father: {fileID: 7367719520065882737}
  m_RootOrder: 0
  m_LocalEulerAnglesHint: {x: 0, y: 0, z: 0}
--- !u!212 &7367719519783230901
SpriteRenderer:
  m_ObjectHideFlags: 0
  m_CorrespondingSourceObject: {fileID: 0}
  m_PrefabInstance: {fileID: 0}
  m_PrefabAsset: {fileID: 0}
  m_GameObject: {fileID: 7367719519783230903}
  m_Enabled: 0
  m_CastShadows: 0
  m_ReceiveShadows: 0
  m_DynamicOccludee: 1
  m_MotionVectors: 1
  m_LightProbeUsage: 1
  m_ReflectionProbeUsage: 1
  m_RayTracingMode: 0
  m_RenderingLayerMask: 1
  m_RendererPriority: 0
  m_Materials:
  - {fileID: 10754, guid: 0000000000000000f000000000000000, type: 0}
  m_StaticBatchInfo:
    firstSubMesh: 0
    subMeshCount: 0
  m_StaticBatchRoot: {fileID: 0}
  m_ProbeAnchor: {fileID: 0}
  m_LightProbeVolumeOverride: {fileID: 0}
  m_ScaleInLightmap: 1
  m_ReceiveGI: 1
  m_PreserveUVs: 0
  m_IgnoreNormalsForChartDetection: 0
  m_ImportantGI: 0
  m_StitchLightmapSeams: 1
  m_SelectedEditorRenderState: 0
  m_MinimumChartSize: 4
  m_AutoUVMaxDistance: 0.5
  m_AutoUVMaxAngle: 89
  m_LightmapParameters: {fileID: 0}
  m_SortingLayerID: 0
  m_SortingLayer: 0
  m_SortingOrder: 0
  m_Sprite: {fileID: 21300000, guid: 5931c26fba2ebc44686b448cc26cce1e, type: 3}
  m_Color: {r: 0.95294124, g: 0.6509804, b: 0.30980393, a: 0.4745098}
  m_FlipX: 0
  m_FlipY: 0
  m_DrawMode: 0
  m_Size: {x: 1, y: 1}
  m_AdaptiveModeThreshold: 0.5
  m_SpriteTileMode: 0
  m_WasSpriteAssigned: 1
  m_MaskInteraction: 0
  m_SpriteSortPoint: 0
--- !u!58 &7367719519783230890
CircleCollider2D:
  m_ObjectHideFlags: 0
  m_CorrespondingSourceObject: {fileID: 0}
  m_PrefabInstance: {fileID: 0}
  m_PrefabAsset: {fileID: 0}
  m_GameObject: {fileID: 7367719519783230903}
  m_Enabled: 1
  m_Density: 1
  m_Material: {fileID: 0}
  m_IsTrigger: 1
  m_UsedByEffector: 0
  m_UsedByComposite: 0
  m_Offset: {x: 0, y: 0}
  serializedVersion: 2
  m_Radius: 0.41406116
--- !u!114 &7367719519783230891
MonoBehaviour:
  m_ObjectHideFlags: 0
  m_CorrespondingSourceObject: {fileID: 0}
  m_PrefabInstance: {fileID: 0}
  m_PrefabAsset: {fileID: 0}
  m_GameObject: {fileID: 7367719519783230903}
  m_Enabled: 1
  m_EditorHideFlags: 0
  m_Script: {fileID: 11500000, guid: d8dc82108e4da0b4bba8f65f2c00c340, type: 3}
  m_Name: 
  m_EditorClassIdentifier: 
--- !u!1 &7367719520065882739
GameObject:
  m_ObjectHideFlags: 0
  m_CorrespondingSourceObject: {fileID: 0}
  m_PrefabInstance: {fileID: 0}
  m_PrefabAsset: {fileID: 0}
  serializedVersion: 6
  m_Component:
  - component: {fileID: 7367719520065882737}
  - component: {fileID: 7367719520065882742}
  - component: {fileID: 7367719520065882736}
  - component: {fileID: 7367719520065882743}
  - component: {fileID: 7367719520065882740}
  - component: {fileID: 2146000217021189980}
  - component: {fileID: 5186380364866299737}
  m_Layer: 0
  m_Name: Trap-robot
  m_TagString: Untagged
  m_Icon: {fileID: 0}
  m_NavMeshLayer: 0
  m_StaticEditorFlags: 0
  m_IsActive: 1
--- !u!4 &7367719520065882737
Transform:
  m_ObjectHideFlags: 0
  m_CorrespondingSourceObject: {fileID: 0}
  m_PrefabInstance: {fileID: 0}
  m_PrefabAsset: {fileID: 0}
  m_GameObject: {fileID: 7367719520065882739}
  m_LocalRotation: {x: 0, y: 0, z: 0, w: 1}
  m_LocalPosition: {x: 0, y: 0, z: 0}
  m_LocalScale: {x: 1, y: 1, z: 1}
  m_Children:
  - {fileID: 7367719519783230900}
  - {fileID: 2889450337613394497}
  m_Father: {fileID: 0}
  m_RootOrder: 0
  m_LocalEulerAnglesHint: {x: 0, y: 0, z: 0}
--- !u!114 &7367719520065882742
MonoBehaviour:
  m_ObjectHideFlags: 0
  m_CorrespondingSourceObject: {fileID: 0}
  m_PrefabInstance: {fileID: 0}
  m_PrefabAsset: {fileID: 0}
  m_GameObject: {fileID: 7367719520065882739}
  m_Enabled: 1
  m_EditorHideFlags: 0
  m_Script: {fileID: 11500000, guid: 1098683bfbf8cda4ca7f6350458e3e0f, type: 3}
  m_Name: 
  m_EditorClassIdentifier: 
  _waitingTime: 1
  _velocity: 0.2
  _projectilePrefab: {fileID: 3575590731803615681, guid: 57e05a6c9cb70dc4da9d978357757fd8,
    type: 3}
  _shootPosition: {fileID: 2889450337613394497}
  _animator: {fileID: 2146000217021189980}
  _sfxActivate: {fileID: 8300000, guid: f788956445a496a4bb98657334175218, type: 3}
  _sfxMoving: {fileID: 8300000, guid: d48173d94eb610940a9914e3b603ef8a, type: 3}
  _sfxShoot:
  - {fileID: 8300000, guid: ec9f22f346963c4408296b5b1abdd777, type: 3}
  - {fileID: 8300000, guid: 5c080cb11f1ac8547a447b26f4a84be6, type: 3}
  - {fileID: 8300000, guid: 844a1be338db4d047ab5fa9dca00b43c, type: 3}
--- !u!212 &7367719520065882736
SpriteRenderer:
  m_ObjectHideFlags: 0
  m_CorrespondingSourceObject: {fileID: 0}
  m_PrefabInstance: {fileID: 0}
  m_PrefabAsset: {fileID: 0}
  m_GameObject: {fileID: 7367719520065882739}
  m_Enabled: 1
  m_CastShadows: 0
  m_ReceiveShadows: 0
  m_DynamicOccludee: 1
  m_MotionVectors: 1
  m_LightProbeUsage: 1
  m_ReflectionProbeUsage: 1
  m_RayTracingMode: 0
  m_RenderingLayerMask: 1
  m_RendererPriority: 0
  m_Materials:
  - {fileID: 10754, guid: 0000000000000000f000000000000000, type: 0}
  m_StaticBatchInfo:
    firstSubMesh: 0
    subMeshCount: 0
  m_StaticBatchRoot: {fileID: 0}
  m_ProbeAnchor: {fileID: 0}
  m_LightProbeVolumeOverride: {fileID: 0}
  m_ScaleInLightmap: 1
  m_ReceiveGI: 1
  m_PreserveUVs: 0
  m_IgnoreNormalsForChartDetection: 0
  m_ImportantGI: 0
  m_StitchLightmapSeams: 1
  m_SelectedEditorRenderState: 0
  m_MinimumChartSize: 4
  m_AutoUVMaxDistance: 0.5
  m_AutoUVMaxAngle: 89
  m_LightmapParameters: {fileID: 0}
  m_SortingLayerID: 0
  m_SortingLayer: 0
  m_SortingOrder: 0
  m_Sprite: {fileID: -4413051302077501253, guid: 57986259cacce47438c870d2af3bcb8b,
    type: 3}
  m_Color: {r: 1, g: 1, b: 1, a: 1}
  m_FlipX: 0
  m_FlipY: 0
  m_DrawMode: 0
  m_Size: {x: 1, y: 1}
  m_AdaptiveModeThreshold: 0.5
  m_SpriteTileMode: 0
  m_WasSpriteAssigned: 1
  m_MaskInteraction: 0
  m_SpriteSortPoint: 1
--- !u!50 &7367719520065882743
Rigidbody2D:
  serializedVersion: 4
  m_ObjectHideFlags: 0
  m_CorrespondingSourceObject: {fileID: 0}
  m_PrefabInstance: {fileID: 0}
  m_PrefabAsset: {fileID: 0}
  m_GameObject: {fileID: 7367719520065882739}
  m_BodyType: 0
  m_Simulated: 1
  m_UseFullKinematicContacts: 0
  m_UseAutoMass: 0
  m_Mass: 1
  m_LinearDrag: 0
  m_AngularDrag: 0.05
  m_GravityScale: 0
  m_Material: {fileID: 0}
  m_Interpolate: 0
  m_SleepingMode: 1
  m_CollisionDetection: 0
  m_Constraints: 4
--- !u!58 &7367719520065882740
CircleCollider2D:
  m_ObjectHideFlags: 0
  m_CorrespondingSourceObject: {fileID: 0}
  m_PrefabInstance: {fileID: 0}
  m_PrefabAsset: {fileID: 0}
  m_GameObject: {fileID: 7367719520065882739}
  m_Enabled: 1
  m_Density: 1
  m_Material: {fileID: 0}
  m_IsTrigger: 0
  m_UsedByEffector: 0
  m_UsedByComposite: 0
  m_Offset: {x: -0.0010653734, y: 0.15553764}
  serializedVersion: 2
  m_Radius: 0.22194976
--- !u!95 &2146000217021189980
Animator:
  serializedVersion: 3
  m_ObjectHideFlags: 0
  m_CorrespondingSourceObject: {fileID: 0}
  m_PrefabInstance: {fileID: 0}
  m_PrefabAsset: {fileID: 0}
  m_GameObject: {fileID: 7367719520065882739}
  m_Enabled: 1
  m_Avatar: {fileID: 0}
  m_Controller: {fileID: 9100000, guid: 55d4ce2b39d3872499c30bc92ad91332, type: 2}
  m_CullingMode: 0
  m_UpdateMode: 0
  m_ApplyRootMotion: 0
  m_LinearVelocityBlending: 0
  m_WarningMessage: 
  m_HasTransformHierarchy: 1
  m_AllowConstantClipSamplingOptimization: 1
  m_KeepAnimatorControllerStateOnDisable: 0
--- !u!82 &5186380364866299737
AudioSource:
  m_ObjectHideFlags: 0
  m_CorrespondingSourceObject: {fileID: 0}
  m_PrefabInstance: {fileID: 0}
  m_PrefabAsset: {fileID: 0}
  m_GameObject: {fileID: 7367719520065882739}
  m_Enabled: 1
  serializedVersion: 4
  OutputAudioMixerGroup: {fileID: -2552993828694532105, guid: 72cc96cf17676c14bbcdca578e8ebaba,
    type: 2}
  m_audioClip: {fileID: 8300000, guid: d48173d94eb610940a9914e3b603ef8a, type: 3}
  m_PlayOnAwake: 0
  m_Volume: 1
  m_Pitch: 1
  Loop: 1
  Mute: 0
  Spatialize: 0
  SpatializePostEffects: 0
  Priority: 128
  DopplerLevel: 1
  MinDistance: 1
  MaxDistance: 500
  Pan2D: 0
  rolloffMode: 0
  BypassEffects: 0
  BypassListenerEffects: 0
  BypassReverbZones: 0
  rolloffCustomCurve:
    serializedVersion: 2
    m_Curve:
    - serializedVersion: 3
      time: 0
      value: 1
      inSlope: 0
      outSlope: 0
      tangentMode: 0
      weightedMode: 0
      inWeight: 0.33333334
      outWeight: 0.33333334
    - serializedVersion: 3
      time: 1
      value: 0
      inSlope: 0
      outSlope: 0
      tangentMode: 0
      weightedMode: 0
      inWeight: 0.33333334
      outWeight: 0.33333334
    m_PreInfinity: 2
    m_PostInfinity: 2
    m_RotationOrder: 4
  panLevelCustomCurve:
    serializedVersion: 2
    m_Curve:
    - serializedVersion: 3
      time: 0
      value: 0
      inSlope: 0
      outSlope: 0
      tangentMode: 0
      weightedMode: 0
      inWeight: 0.33333334
      outWeight: 0.33333334
    m_PreInfinity: 2
    m_PostInfinity: 2
    m_RotationOrder: 4
  spreadCustomCurve:
    serializedVersion: 2
    m_Curve:
    - serializedVersion: 3
      time: 0
      value: 0
      inSlope: 0
      outSlope: 0
      tangentMode: 0
      weightedMode: 0
      inWeight: 0.33333334
      outWeight: 0.33333334
    m_PreInfinity: 2
    m_PostInfinity: 2
    m_RotationOrder: 4
  reverbZoneMixCustomCurve:
    serializedVersion: 2
    m_Curve:
    - serializedVersion: 3
      time: 0
      value: 1
      inSlope: 0
      outSlope: 0
      tangentMode: 0
      weightedMode: 0
      inWeight: 0.33333334
      outWeight: 0.33333334
    m_PreInfinity: 2
    m_PostInfinity: 2
    m_RotationOrder: 4
