%YAML 1.1
%TAG !u! tag:unity3d.com,2011:
--- !u!244 &-8986603422936930126
AudioMixerEffectController:
  m_ObjectHideFlags: 3
  m_CorrespondingSourceObject: {fileID: 0}
  m_PrefabInstance: {fileID: 0}
  m_PrefabAsset: {fileID: 0}
  m_Name: 
  m_EffectID: 308b37d7b35e70d4eb3ebc1594708d93
  m_EffectName: Attenuation
  m_MixLevel: 4ae3cd109b10c1d418895ec5d67631c4
  m_Parameters: []
  m_SendTarget: {fileID: 0}
  m_EnableWetMix: 0
  m_Bypass: 0
--- !u!244 &-8066012920794434491
AudioMixerEffectController:
  m_ObjectHideFlags: 3
  m_CorrespondingSourceObject: {fileID: 0}
  m_PrefabInstance: {fileID: 0}
  m_PrefabAsset: {fileID: 0}
  m_Name: 
  m_EffectID: 2e2a0a3f478a2ca4ab7e14d3f987acce
  m_EffectName: Attenuation
  m_MixLevel: f8c3018a932959e48af570f287dcb8d4
  m_Parameters: []
  m_SendTarget: {fileID: 0}
  m_EnableWetMix: 0
  m_Bypass: 0
--- !u!243 &-8003020011851019585
AudioMixerGroupController:
  m_ObjectHideFlags: 0
  m_CorrespondingSourceObject: {fileID: 0}
  m_PrefabInstance: {fileID: 0}
  m_PrefabAsset: {fileID: 0}
  m_Name: UI
  m_AudioMixer: {fileID: 24100000}
  m_GroupID: 028155d5ca3f42e419102f9913bcbf33
  m_Children: []
  m_Volume: de366d96d58d5e443a06e637d77a109f
  m_Pitch: b6fa835e2a72f24409b2e8d4ba0e41de
  m_Send: 00000000000000000000000000000000
  m_Effects:
  - {fileID: -4075137706158691541}
  m_UserColorIndex: 0
  m_Mute: 0
  m_Solo: 0
  m_BypassEffects: 0
--- !u!244 &-7590044237299897923
AudioMixerEffectController:
  m_ObjectHideFlags: 3
  m_CorrespondingSourceObject: {fileID: 0}
  m_PrefabInstance: {fileID: 0}
  m_PrefabAsset: {fileID: 0}
  m_Name: 
  m_EffectID: 7c880162f3242aa4a9623749c9c2f0bd
  m_EffectName: Attenuation
  m_MixLevel: 40e72e475f2661443b8a4f578b52c20a
  m_Parameters: []
  m_SendTarget: {fileID: 0}
  m_EnableWetMix: 0
  m_Bypass: 0
--- !u!243 &-7064587632740992533
AudioMixerGroupController:
  m_ObjectHideFlags: 0
  m_CorrespondingSourceObject: {fileID: 0}
  m_PrefabInstance: {fileID: 0}
  m_PrefabAsset: {fileID: 0}
  m_Name: Door
  m_AudioMixer: {fileID: 24100000}
  m_GroupID: 667c597ff4b4a7946881f55781b26739
  m_Children: []
  m_Volume: 274f20d920b2e584aaa41c3d3fb94a96
  m_Pitch: 7a371d1ccef969347ab7d7dabd6599c5
  m_Send: 00000000000000000000000000000000
  m_Effects:
  - {fileID: -7590044237299897923}
  m_UserColorIndex: 0
  m_Mute: 0
  m_Solo: 0
  m_BypassEffects: 0
--- !u!244 &-6531374082387473376
AudioMixerEffectController:
  m_ObjectHideFlags: 3
  m_CorrespondingSourceObject: {fileID: 0}
  m_PrefabInstance: {fileID: 0}
  m_PrefabAsset: {fileID: 0}
  m_Name: 
  m_EffectID: 91f39aff2d020b749bff4182886d162c
  m_EffectName: Attenuation
  m_MixLevel: eacf8a4828784ab4bbe7f31edb390e55
  m_Parameters: []
  m_SendTarget: {fileID: 0}
  m_EnableWetMix: 0
  m_Bypass: 0
--- !u!244 &-4075137706158691541
AudioMixerEffectController:
  m_ObjectHideFlags: 3
  m_CorrespondingSourceObject: {fileID: 0}
  m_PrefabInstance: {fileID: 0}
  m_PrefabAsset: {fileID: 0}
  m_Name: 
  m_EffectID: 625f833f479ad6044abf24e75dca8e7a
  m_EffectName: Attenuation
  m_MixLevel: cd40474ab6813f9489fbebe275bcedcc
  m_Parameters: []
  m_SendTarget: {fileID: 0}
  m_EnableWetMix: 0
  m_Bypass: 0
--- !u!243 &-3368482077913146157
AudioMixerGroupController:
  m_ObjectHideFlags: 0
  m_CorrespondingSourceObject: {fileID: 0}
  m_PrefabInstance: {fileID: 0}
  m_PrefabAsset: {fileID: 0}
  m_Name: Music
  m_AudioMixer: {fileID: 24100000}
  m_GroupID: bc491002d6458ba478f6daec7bb584c8
  m_Children: []
  m_Volume: cb8d16d8c9fa4494ab4be99541608f92
  m_Pitch: e8d9296dbfa2a204985bec04473ed926
  m_Send: 00000000000000000000000000000000
  m_Effects:
  - {fileID: 1454772788013881083}
  m_UserColorIndex: 0
  m_Mute: 0
  m_Solo: 0
  m_BypassEffects: 0
--- !u!243 &-2662378617855431124
AudioMixerGroupController:
  m_ObjectHideFlags: 0
  m_CorrespondingSourceObject: {fileID: 0}
  m_PrefabInstance: {fileID: 0}
  m_PrefabAsset: {fileID: 0}
  m_Name: Espinho
  m_AudioMixer: {fileID: 24100000}
  m_GroupID: 54c2cca1ff8403e4b9131988f107e834
  m_Children: []
  m_Volume: 3dd114b48148ada46940622990404ced
  m_Pitch: 160bf59a48e55c244a763322b64562c2
  m_Send: 00000000000000000000000000000000
  m_Effects:
  - {fileID: -1471973822644944949}
  m_UserColorIndex: 0
  m_Mute: 0
  m_Solo: 0
  m_BypassEffects: 0
--- !u!243 &-2552993828694532105
AudioMixerGroupController:
  m_ObjectHideFlags: 0
  m_CorrespondingSourceObject: {fileID: 0}
  m_PrefabInstance: {fileID: 0}
  m_PrefabAsset: {fileID: 0}
  m_Name: Robot
  m_AudioMixer: {fileID: 24100000}
  m_GroupID: c0cc3749b1ec8484fbce5af85db7b0d1
  m_Children: []
  m_Volume: 34c0d56c9ff6f844a918bda585ca7c4f
  m_Pitch: 87eab489f11238442ad5602a6d2f57d2
  m_Send: 00000000000000000000000000000000
  m_Effects:
  - {fileID: 6945927935141006142}
  m_UserColorIndex: 0
  m_Mute: 0
  m_Solo: 0
  m_BypassEffects: 0
--- !u!244 &-2351043111499066610
AudioMixerEffectController:
  m_ObjectHideFlags: 3
  m_CorrespondingSourceObject: {fileID: 0}
  m_PrefabInstance: {fileID: 0}
  m_PrefabAsset: {fileID: 0}
  m_Name: 
  m_EffectID: bf90cda1f73df7f4599dcff515fbfa10
  m_EffectName: Attenuation
  m_MixLevel: 44034900a1515584691722a09314ebe8
  m_Parameters: []
  m_SendTarget: {fileID: 0}
  m_EnableWetMix: 0
  m_Bypass: 0
--- !u!243 &-1752542009753718775
AudioMixerGroupController:
  m_ObjectHideFlags: 0
  m_CorrespondingSourceObject: {fileID: 0}
  m_PrefabInstance: {fileID: 0}
  m_PrefabAsset: {fileID: 0}
  m_Name: Laser
  m_AudioMixer: {fileID: 24100000}
  m_GroupID: 9a34041eaa6eb574eb4cd1acab89a6e1
  m_Children: []
  m_Volume: a6718b0e482721f43a28bfd003f6361c
  m_Pitch: ec736856bdea0d54ea3d361c6907d739
  m_Send: 00000000000000000000000000000000
  m_Effects:
  - {fileID: -343712452563286072}
  m_UserColorIndex: 0
  m_Mute: 0
  m_Solo: 0
  m_BypassEffects: 0
--- !u!244 &-1471973822644944949
AudioMixerEffectController:
  m_ObjectHideFlags: 3
  m_CorrespondingSourceObject: {fileID: 0}
  m_PrefabInstance: {fileID: 0}
  m_PrefabAsset: {fileID: 0}
  m_Name: 
  m_EffectID: 1f37fd10b31bfe040a3c1fd0dbf546c6
  m_EffectName: Attenuation
  m_MixLevel: 8b826cfab63842645bb265e770b79eb5
  m_Parameters: []
  m_SendTarget: {fileID: 0}
  m_EnableWetMix: 0
  m_Bypass: 0
--- !u!243 &-534984772700771023
AudioMixerGroupController:
  m_ObjectHideFlags: 0
  m_CorrespondingSourceObject: {fileID: 0}
  m_PrefabInstance: {fileID: 0}
  m_PrefabAsset: {fileID: 0}
  m_Name: Traps
  m_AudioMixer: {fileID: 24100000}
  m_GroupID: 8fd7536df2e1668489a78f01cd62dc91
  m_Children:
  - {fileID: 4873711403633651174}
  - {fileID: -2662378617855431124}
  - {fileID: -1752542009753718775}
  m_Volume: 2b639fab2ed423449a64bf052d0f291f
  m_Pitch: c8d03d3b85042334f9d3690fd09f497e
  m_Send: 00000000000000000000000000000000
  m_Effects:
  - {fileID: 158667738573283216}
  m_UserColorIndex: 0
  m_Mute: 0
  m_Solo: 0
  m_BypassEffects: 0
--- !u!244 &-343712452563286072
AudioMixerEffectController:
  m_ObjectHideFlags: 3
  m_CorrespondingSourceObject: {fileID: 0}
  m_PrefabInstance: {fileID: 0}
  m_PrefabAsset: {fileID: 0}
  m_Name: 
  m_EffectID: b0e9d3f1d5a3ce248b4fe8b4054f58f7
  m_EffectName: Attenuation
  m_MixLevel: 63a337c044388df41b39f6ff4af6f384
  m_Parameters: []
  m_SendTarget: {fileID: 0}
  m_EnableWetMix: 0
  m_Bypass: 0
--- !u!241 &24100000
AudioMixerController:
  m_ObjectHideFlags: 0
  m_CorrespondingSourceObject: {fileID: 0}
  m_PrefabInstance: {fileID: 0}
  m_PrefabAsset: {fileID: 0}
  m_Name: MasterBoard
  m_OutputGroup: {fileID: 0}
  m_MasterGroup: {fileID: 24300002}
  m_Snapshots:
  - {fileID: 24500006}
  m_StartSnapshot: {fileID: 24500006}
  m_SuspendThreshold: -80
  m_EnableSuspend: 1
  m_UpdateMode: 0
  m_ExposedParameters: []
  m_AudioMixerGroupViews:
  - guids:
    - 88fe5304b86c04b4795503a88c2e6f89
    - bc491002d6458ba478f6daec7bb584c8
    - 101b35b8fb26e9c4789a62d48a5f46bb
    - 2ea90f5317c51d14594d9ac772412481
    - 667c597ff4b4a7946881f55781b26739
    - c0cc3749b1ec8484fbce5af85db7b0d1
    - 8fd7536df2e1668489a78f01cd62dc91
    - d4abb6d992c2b7e4581a96eeb5ca4b8a
    - 54c2cca1ff8403e4b9131988f107e834
    - 9a34041eaa6eb574eb4cd1acab89a6e1
    - c179e838802574d46b03d1c4dd22400d
    - c308b42392886164ba57b51c88f77d08
    - c21a7094d9dbb9d498b7d240828197eb
    - 6dd3ecfe28360bf4fb40a56d41935088
    - 028155d5ca3f42e419102f9913bcbf33
    name: View
  m_CurrentViewIndex: 0
  m_TargetSnapshot: {fileID: 24500006}
--- !u!243 &24300002
AudioMixerGroupController:
  m_ObjectHideFlags: 0
  m_CorrespondingSourceObject: {fileID: 0}
  m_PrefabInstance: {fileID: 0}
  m_PrefabAsset: {fileID: 0}
  m_Name: Master
  m_AudioMixer: {fileID: 24100000}
  m_GroupID: 88fe5304b86c04b4795503a88c2e6f89
  m_Children:
  - {fileID: -3368482077913146157}
  - {fileID: 7486283612111749964}
  m_Volume: df8043edf1f98a143ac346448e6fd5e4
  m_Pitch: a3a49b1f1cd08934faaf9fb2863d9e9a
  m_Send: 00000000000000000000000000000000
  m_Effects:
  - {fileID: 24400004}
  m_UserColorIndex: 0
  m_Mute: 0
  m_Solo: 0
  m_BypassEffects: 0
--- !u!244 &24400004
AudioMixerEffectController:
  m_ObjectHideFlags: 3
  m_CorrespondingSourceObject: {fileID: 0}
  m_PrefabInstance: {fileID: 0}
  m_PrefabAsset: {fileID: 0}
  m_Name: 
  m_EffectID: 9732e3da2a33b4a45bfbbd00c13edc8f
  m_EffectName: Attenuation
  m_MixLevel: 6e413e0e621fda342af5331cf978f3d9
  m_Parameters: []
  m_SendTarget: {fileID: 0}
  m_EnableWetMix: 0
  m_Bypass: 0
--- !u!245 &24500006
AudioMixerSnapshotController:
  m_ObjectHideFlags: 0
  m_CorrespondingSourceObject: {fileID: 0}
  m_PrefabInstance: {fileID: 0}
  m_PrefabAsset: {fileID: 0}
  m_Name: Snapshot
  m_AudioMixer: {fileID: 24100000}
  m_SnapshotID: bd6d07d82cf97cd4590c2d223522b150
  m_FloatValues:
    8431a8d2f8956c24b8269b7d902cd9c7: -4.5603476
    93f72fb46449ea7488b068bd91646cb6: 7.9871106
    b56dfa56179fc3c4abf2233ec3761b1b: 5.1526933
    cb8d16d8c9fa4494ab4be99541608f92: -5.4218063
    d2c84a793cb63de4393990a5eb1ef12e: -7.436929
    2b639fab2ed423449a64bf052d0f291f: -0.037667945
    34c0d56c9ff6f844a918bda585ca7c4f: -3.184112
    fa4fa91dcaf1a02468100db03a29f16e: -0.002441872
    a6718b0e482721f43a28bfd003f6361c: -12.082023
  m_TransitionOverrides: {}
--- !u!243 &16448491778238882
AudioMixerGroupController:
  m_ObjectHideFlags: 0
  m_CorrespondingSourceObject: {fileID: 0}
  m_PrefabInstance: {fileID: 0}
  m_PrefabAsset: {fileID: 0}
  m_Name: Steps
  m_AudioMixer: {fileID: 24100000}
  m_GroupID: 6dd3ecfe28360bf4fb40a56d41935088
  m_Children: []
  m_Volume: d2c84a793cb63de4393990a5eb1ef12e
  m_Pitch: be96d7f1cc872dc419923b918d6740a4
  m_Send: 00000000000000000000000000000000
  m_Effects:
  - {fileID: 2138438854459856248}
  m_UserColorIndex: 0
  m_Mute: 0
  m_Solo: 0
  m_BypassEffects: 0
--- !u!244 &158667738573283216
AudioMixerEffectController:
  m_ObjectHideFlags: 3
  m_CorrespondingSourceObject: {fileID: 0}
  m_PrefabInstance: {fileID: 0}
  m_PrefabAsset: {fileID: 0}
  m_Name: 
  m_EffectID: 776a6cdc816a397409bfb5998ff48af9
  m_EffectName: Attenuation
  m_MixLevel: 4e43d897ee441344ab1108b3851064b7
  m_Parameters: []
  m_SendTarget: {fileID: 0}
  m_EnableWetMix: 0
  m_Bypass: 0
--- !u!243 &232320729705725375
AudioMixerGroupController:
  m_ObjectHideFlags: 0
  m_CorrespondingSourceObject: {fileID: 0}
  m_PrefabInstance: {fileID: 0}
  m_PrefabAsset: {fileID: 0}
  m_Name: Gerador
  m_AudioMixer: {fileID: 24100000}
  m_GroupID: c308b42392886164ba57b51c88f77d08
  m_Children: []
  m_Volume: 93f72fb46449ea7488b068bd91646cb6
  m_Pitch: e751c2b03fc3240448396d7a6b015c89
  m_Send: 00000000000000000000000000000000
  m_Effects:
  - {fileID: -8066012920794434491}
  m_UserColorIndex: 0
  m_Mute: 0
  m_Solo: 0
  m_BypassEffects: 0
--- !u!244 &1454772788013881083
AudioMixerEffectController:
  m_ObjectHideFlags: 3
  m_CorrespondingSourceObject: {fileID: 0}
  m_PrefabInstance: {fileID: 0}
  m_PrefabAsset: {fileID: 0}
  m_Name: 
  m_EffectID: 047f7f3d54857234b811449cecc555ab
  m_EffectName: Attenuation
  m_MixLevel: e5e3a87fcf391c249a6fb037977f3d8f
  m_Parameters: []
  m_SendTarget: {fileID: 0}
  m_EnableWetMix: 0
  m_Bypass: 0
--- !u!244 &1623293765465591223
AudioMixerEffectController:
  m_ObjectHideFlags: 3
  m_CorrespondingSourceObject: {fileID: 0}
  m_PrefabInstance: {fileID: 0}
  m_PrefabAsset: {fileID: 0}
  m_Name: 
  m_EffectID: 4691a792fcbce54418cb067b0707ba7e
  m_EffectName: Attenuation
  m_MixLevel: b5ea5b7f5ee49b8438daf5ac1bc2c5a1
  m_Parameters: []
  m_SendTarget: {fileID: 0}
  m_EnableWetMix: 0
  m_Bypass: 0
--- !u!244 &2138438854459856248
AudioMixerEffectController:
  m_ObjectHideFlags: 3
  m_CorrespondingSourceObject: {fileID: 0}
  m_PrefabInstance: {fileID: 0}
  m_PrefabAsset: {fileID: 0}
  m_Name: 
  m_EffectID: d68816f7ab14dc04f96edff12e1f3d03
  m_EffectName: Attenuation
  m_MixLevel: 227fef8212266994b971fde6be08af65
  m_Parameters: []
  m_SendTarget: {fileID: 0}
  m_EnableWetMix: 0
  m_Bypass: 0
--- !u!243 &2786553436185870285
AudioMixerGroupController:
  m_ObjectHideFlags: 0
  m_CorrespondingSourceObject: {fileID: 0}
  m_PrefabInstance: {fileID: 0}
  m_PrefabAsset: {fileID: 0}
  m_Name: Player
  m_AudioMixer: {fileID: 24100000}
  m_GroupID: c21a7094d9dbb9d498b7d240828197eb
  m_Children:
  - {fileID: 16448491778238882}
  m_Volume: 6228e4a4a6bb2594290c59ac02980ca8
  m_Pitch: e987d5db6bd0f1e4aa0c93cf4a1345d4
  m_Send: 00000000000000000000000000000000
  m_Effects:
  - {fileID: -6531374082387473376}
  m_UserColorIndex: 0
  m_Mute: 0
  m_Solo: 0
  m_BypassEffects: 0
--- !u!243 &4873711403633651174
AudioMixerGroupController:
  m_ObjectHideFlags: 0
  m_CorrespondingSourceObject: {fileID: 0}
  m_PrefabInstance: {fileID: 0}
  m_PrefabAsset: {fileID: 0}
  m_Name: Serra
  m_AudioMixer: {fileID: 24100000}
  m_GroupID: d4abb6d992c2b7e4581a96eeb5ca4b8a
  m_Children: []
  m_Volume: 8431a8d2f8956c24b8269b7d902cd9c7
  m_Pitch: d99e90fe77d6db24ba1d4ceaba4bcef8
  m_Send: 00000000000000000000000000000000
  m_Effects:
  - {fileID: -8986603422936930126}
  m_UserColorIndex: 0
  m_Mute: 0
  m_Solo: 0
  m_BypassEffects: 0
--- !u!243 &5681364367230934901
AudioMixerGroupController:
  m_ObjectHideFlags: 0
  m_CorrespondingSourceObject: {fileID: 0}
  m_PrefabInstance: {fileID: 0}
  m_PrefabAsset: {fileID: 0}
  m_Name: Ambience
  m_AudioMixer: {fileID: 24100000}
  m_GroupID: 2ea90f5317c51d14594d9ac772412481
  m_Children: []
  m_Volume: fa4fa91dcaf1a02468100db03a29f16e
  m_Pitch: b68e8c7aa23bc63418aac659172497f6
  m_Send: 00000000000000000000000000000000
  m_Effects:
  - {fileID: 1623293765465591223}
  m_UserColorIndex: 0
  m_Mute: 0
  m_Solo: 0
  m_BypassEffects: 0
--- !u!244 &6201703130233148292
AudioMixerEffectController:
  m_ObjectHideFlags: 3
  m_CorrespondingSourceObject: {fileID: 0}
  m_PrefabInstance: {fileID: 0}
  m_PrefabAsset: {fileID: 0}
  m_Name: 
  m_EffectID: 83c9da96f30d1344796da4e6b4bdb5dd
  m_EffectName: Attenuation
  m_MixLevel: 5d3e194c67d922c4bb7341292ea63410
  m_Parameters: []
  m_SendTarget: {fileID: 0}
  m_EnableWetMix: 0
  m_Bypass: 0
--- !u!243 &6568799463291640883
AudioMixerGroupController:
  m_ObjectHideFlags: 0
  m_CorrespondingSourceObject: {fileID: 0}
  m_PrefabInstance: {fileID: 0}
  m_PrefabAsset: {fileID: 0}
  m_Name: BatteryPanel
  m_AudioMixer: {fileID: 24100000}
  m_GroupID: c179e838802574d46b03d1c4dd22400d
  m_Children: []
  m_Volume: b56dfa56179fc3c4abf2233ec3761b1b
  m_Pitch: 6f402fe9701835f4b85c4df5fd80a2ed
  m_Send: 00000000000000000000000000000000
  m_Effects:
  - {fileID: 6201703130233148292}
  m_UserColorIndex: 0
  m_Mute: 0
  m_Solo: 0
  m_BypassEffects: 0
--- !u!244 &6945927935141006142
AudioMixerEffectController:
  m_ObjectHideFlags: 3
  m_CorrespondingSourceObject: {fileID: 0}
  m_PrefabInstance: {fileID: 0}
  m_PrefabAsset: {fileID: 0}
  m_Name: 
  m_EffectID: ea7fcd0660111c64badb37bb34165853
  m_EffectName: Attenuation
  m_MixLevel: 7ecc1e579f5e35547b3598edd862e626
  m_Parameters: []
  m_SendTarget: {fileID: 0}
  m_EnableWetMix: 0
  m_Bypass: 0
--- !u!243 &7486283612111749964
AudioMixerGroupController:
  m_ObjectHideFlags: 0
  m_CorrespondingSourceObject: {fileID: 0}
  m_PrefabInstance: {fileID: 0}
  m_PrefabAsset: {fileID: 0}
  m_Name: Game
  m_AudioMixer: {fileID: 24100000}
  m_GroupID: 101b35b8fb26e9c4789a62d48a5f46bb
  m_Children:
  - {fileID: 5681364367230934901}
  - {fileID: -7064587632740992533}
  - {fileID: -2552993828694532105}
  - {fileID: -534984772700771023}
  - {fileID: 6568799463291640883}
  - {fileID: 232320729705725375}
  - {fileID: 2786553436185870285}
  - {fileID: -8003020011851019585}
  m_Volume: 30e0521d3acf0f94f9912bf03c8578fe
  m_Pitch: 38cc7a0ea3194fe43b8b52a407e271ba
  m_Send: 00000000000000000000000000000000
  m_Effects:
  - {fileID: -2351043111499066610}
  m_UserColorIndex: 0
  m_Mute: 0
  m_Solo: 0
  m_BypassEffects: 0
