%YAML 1.1
%TAG !u! tag:unity3d.com,2011:
--- !u!1 &588503419488685251
GameObject:
  m_ObjectHideFlags: 0
  m_CorrespondingSourceObject: {fileID: 0}
  m_PrefabInstance: {fileID: 0}
  m_PrefabAsset: {fileID: 0}
  serializedVersion: 6
  m_Component:
  - component: {fileID: 9057875531969771464}
  - component: {fileID: 6986208429598701700}
  m_Layer: 0
  m_Name: New Sprite (2)
  m_TagString: Untagged
  m_Icon: {fileID: 0}
  m_NavMeshLayer: 0
  m_StaticEditorFlags: 0
  m_IsActive: 1
--- !u!4 &9057875531969771464
Transform:
  m_ObjectHideFlags: 0
  m_CorrespondingSourceObject: {fileID: 0}
  m_PrefabInstance: {fileID: 0}
  m_PrefabAsset: {fileID: 0}
  m_GameObject: {fileID: 588503419488685251}
  m_LocalRotation: {x: 0, y: 0, z: 0, w: 1}
  m_LocalPosition: {x: -0.042, y: 0.802, z: 0}
  m_LocalScale: {x: 1, y: 3.875, z: 1}
  m_Children: []
  m_Father: {fileID: 7095708631206608304}
  m_RootOrder: 2
  m_LocalEulerAnglesHint: {x: 0, y: 0, z: 0}
--- !u!212 &6986208429598701700
SpriteRenderer:
  m_ObjectHideFlags: 0
  m_CorrespondingSourceObject: {fileID: 0}
  m_PrefabInstance: {fileID: 0}
  m_PrefabAsset: {fileID: 0}
  m_GameObject: {fileID: 588503419488685251}
  m_Enabled: 1
  m_CastShadows: 0
  m_ReceiveShadows: 0
  m_DynamicOccludee: 1
  m_MotionVectors: 1
  m_LightProbeUsage: 1
  m_ReflectionProbeUsage: 1
  m_RayTracingMode: 0
  m_RenderingLayerMask: 1
  m_RendererPriority: 0
  m_Materials:
  - {fileID: 10754, guid: 0000000000000000f000000000000000, type: 0}
  m_StaticBatchInfo:
    firstSubMesh: 0
    subMeshCount: 0
  m_StaticBatchRoot: {fileID: 0}
  m_ProbeAnchor: {fileID: 0}
  m_LightProbeVolumeOverride: {fileID: 0}
  m_ScaleInLightmap: 1
  m_ReceiveGI: 1
  m_PreserveUVs: 0
  m_IgnoreNormalsForChartDetection: 0
  m_ImportantGI: 0
  m_StitchLightmapSeams: 1
  m_SelectedEditorRenderState: 0
  m_MinimumChartSize: 4
  m_AutoUVMaxDistance: 0.5
  m_AutoUVMaxAngle: 89
  m_LightmapParameters: {fileID: 0}
  m_SortingLayerID: 0
  m_SortingLayer: 0
  m_SortingOrder: 0
  m_Sprite: {fileID: 10911, guid: 0000000000000000f000000000000000, type: 0}
  m_Color: {r: 1, g: 1, b: 1, a: 1}
  m_FlipX: 0
  m_FlipY: 0
  m_DrawMode: 0
  m_Size: {x: 0.16, y: 0.16}
  m_AdaptiveModeThreshold: 0.5
  m_SpriteTileMode: 0
  m_WasSpriteAssigned: 1
  m_MaskInteraction: 0
  m_SpriteSortPoint: 0
--- !u!1 &2164930758283763673
GameObject:
  m_ObjectHideFlags: 0
  m_CorrespondingSourceObject: {fileID: 0}
  m_PrefabInstance: {fileID: 0}
  m_PrefabAsset: {fileID: 0}
  serializedVersion: 6
  m_Component:
  - component: {fileID: 8761327426568510742}
  - component: {fileID: 4055149113712325796}
  m_Layer: 0
  m_Name: New Sprite (1)
  m_TagString: Untagged
  m_Icon: {fileID: 0}
  m_NavMeshLayer: 0
  m_StaticEditorFlags: 0
  m_IsActive: 1
--- !u!4 &8761327426568510742
Transform:
  m_ObjectHideFlags: 0
  m_CorrespondingSourceObject: {fileID: 0}
  m_PrefabInstance: {fileID: 0}
  m_PrefabAsset: {fileID: 0}
  m_GameObject: {fileID: 2164930758283763673}
  m_LocalRotation: {x: 0, y: 0, z: 0, w: 1}
  m_LocalPosition: {x: -1.135, y: 0.793, z: 0}
  m_LocalScale: {x: 2.79125, y: 2.6625, z: 1}
  m_Children: []
  m_Father: {fileID: 7095708631206608304}
  m_RootOrder: 1
  m_LocalEulerAnglesHint: {x: 0, y: 0, z: 0}
--- !u!212 &4055149113712325796
SpriteRenderer:
  m_ObjectHideFlags: 0
  m_CorrespondingSourceObject: {fileID: 0}
  m_PrefabInstance: {fileID: 0}
  m_PrefabAsset: {fileID: 0}
  m_GameObject: {fileID: 2164930758283763673}
  m_Enabled: 1
  m_CastShadows: 0
  m_ReceiveShadows: 0
  m_DynamicOccludee: 1
  m_MotionVectors: 1
  m_LightProbeUsage: 1
  m_ReflectionProbeUsage: 1
  m_RayTracingMode: 0
  m_RenderingLayerMask: 1
  m_RendererPriority: 0
  m_Materials:
  - {fileID: 10754, guid: 0000000000000000f000000000000000, type: 0}
  m_StaticBatchInfo:
    firstSubMesh: 0
    subMeshCount: 0
  m_StaticBatchRoot: {fileID: 0}
  m_ProbeAnchor: {fileID: 0}
  m_LightProbeVolumeOverride: {fileID: 0}
  m_ScaleInLightmap: 1
  m_ReceiveGI: 1
  m_PreserveUVs: 0
  m_IgnoreNormalsForChartDetection: 0
  m_ImportantGI: 0
  m_StitchLightmapSeams: 1
  m_SelectedEditorRenderState: 0
  m_MinimumChartSize: 4
  m_AutoUVMaxDistance: 0.5
  m_AutoUVMaxAngle: 89
  m_LightmapParameters: {fileID: 0}
  m_SortingLayerID: 0
  m_SortingLayer: 0
  m_SortingOrder: 0
  m_Sprite: {fileID: 10911, guid: 0000000000000000f000000000000000, type: 0}
  m_Color: {r: 1, g: 1, b: 1, a: 1}
  m_FlipX: 0
  m_FlipY: 0
  m_DrawMode: 0
  m_Size: {x: 0.16, y: 0.16}
  m_AdaptiveModeThreshold: 0.5
  m_SpriteTileMode: 0
  m_WasSpriteAssigned: 1
  m_MaskInteraction: 0
  m_SpriteSortPoint: 0
--- !u!1 &4704946570933770911
GameObject:
  m_ObjectHideFlags: 0
  m_CorrespondingSourceObject: {fileID: 0}
  m_PrefabInstance: {fileID: 0}
  m_PrefabAsset: {fileID: 0}
  serializedVersion: 6
  m_Component:
  - component: {fileID: 7095708631206608304}
  m_Layer: 0
  m_Name: Obstacles Layout (8)
  m_TagString: Untagged
  m_Icon: {fileID: 0}
  m_NavMeshLayer: 0
  m_StaticEditorFlags: 0
  m_IsActive: 1
--- !u!4 &7095708631206608304
Transform:
  m_ObjectHideFlags: 0
  m_CorrespondingSourceObject: {fileID: 0}
  m_PrefabInstance: {fileID: 0}
  m_PrefabAsset: {fileID: 0}
  m_GameObject: {fileID: 4704946570933770911}
  m_LocalRotation: {x: 0, y: 0, z: 0, w: 1}
  m_LocalPosition: {x: 0.6005998, y: -0.033372633, z: -0.27685547}
  m_LocalScale: {x: 1, y: 1, z: 1}
  m_Children:
  - {fileID: 1621722511528650965}
  - {fileID: 8761327426568510742}
  - {fileID: 9057875531969771464}
  - {fileID: 8565178453514075740}
  - {fileID: 4416608122477769892}
  - {fileID: 7926681759022203394}
  - {fileID: 1195023015446364626}
  m_Father: {fileID: 0}
  m_RootOrder: 0
  m_LocalEulerAnglesHint: {x: 0, y: 0, z: 0}
--- !u!1 &6048743175017331933
GameObject:
  m_ObjectHideFlags: 0
  m_CorrespondingSourceObject: {fileID: 0}
  m_PrefabInstance: {fileID: 0}
  m_PrefabAsset: {fileID: 0}
  serializedVersion: 6
  m_Component:
  - component: {fileID: 1621722511528650965}
  - component: {fileID: 8600891730108093527}
  m_Layer: 0
  m_Name: New Sprite
  m_TagString: Untagged
  m_Icon: {fileID: 0}
  m_NavMeshLayer: 0
  m_StaticEditorFlags: 0
  m_IsActive: 1
--- !u!4 &1621722511528650965
Transform:
  m_ObjectHideFlags: 0
  m_CorrespondingSourceObject: {fileID: 0}
  m_PrefabInstance: {fileID: 0}
  m_PrefabAsset: {fileID: 0}
  m_GameObject: {fileID: 6048743175017331933}
  m_LocalRotation: {x: 0, y: 0, z: 0, w: 1}
  m_LocalPosition: {x: -0.545, y: 0.516, z: 0}
  m_LocalScale: {x: 8.3, y: 1, z: 1}
  m_Children: []
  m_Father: {fileID: 7095708631206608304}
  m_RootOrder: 0
  m_LocalEulerAnglesHint: {x: 0, y: 0, z: 0}
--- !u!212 &8600891730108093527
SpriteRenderer:
  m_ObjectHideFlags: 0
  m_CorrespondingSourceObject: {fileID: 0}
  m_PrefabInstance: {fileID: 0}
  m_PrefabAsset: {fileID: 0}
  m_GameObject: {fileID: 6048743175017331933}
  m_Enabled: 1
  m_CastShadows: 0
  m_ReceiveShadows: 0
  m_DynamicOccludee: 1
  m_MotionVectors: 1
  m_LightProbeUsage: 1
  m_ReflectionProbeUsage: 1
  m_RayTracingMode: 0
  m_RenderingLayerMask: 1
  m_RendererPriority: 0
  m_Materials:
  - {fileID: 10754, guid: 0000000000000000f000000000000000, type: 0}
  m_StaticBatchInfo:
    firstSubMesh: 0
    subMeshCount: 0
  m_StaticBatchRoot: {fileID: 0}
  m_ProbeAnchor: {fileID: 0}
  m_LightProbeVolumeOverride: {fileID: 0}
  m_ScaleInLightmap: 1
  m_ReceiveGI: 1
  m_PreserveUVs: 0
  m_IgnoreNormalsForChartDetection: 0
  m_ImportantGI: 0
  m_StitchLightmapSeams: 1
  m_SelectedEditorRenderState: 0
  m_MinimumChartSize: 4
  m_AutoUVMaxDistance: 0.5
  m_AutoUVMaxAngle: 89
  m_LightmapParameters: {fileID: 0}
  m_SortingLayerID: 0
  m_SortingLayer: 0
  m_SortingOrder: 0
  m_Sprite: {fileID: 10911, guid: 0000000000000000f000000000000000, type: 0}
  m_Color: {r: 1, g: 1, b: 1, a: 1}
  m_FlipX: 0
  m_FlipY: 0
  m_DrawMode: 0
  m_Size: {x: 0.16, y: 0.16}
  m_AdaptiveModeThreshold: 0.5
  m_SpriteTileMode: 0
  m_WasSpriteAssigned: 1
  m_MaskInteraction: 0
  m_SpriteSortPoint: 0
--- !u!1001 &975766964169562524
PrefabInstance:
  m_ObjectHideFlags: 0
  serializedVersion: 2
  m_Modification:
    m_TransformParent: {fileID: 7095708631206608304}
    m_Modifications:
    - target: {fileID: 2098411325431191630, guid: 52d41f38ec6be1a4a906b7ca47897c2c,
        type: 3}
      propertyPath: m_RootOrder
      value: 6
      objectReference: {fileID: 0}
    - target: {fileID: 2098411325431191630, guid: 52d41f38ec6be1a4a906b7ca47897c2c,
        type: 3}
      propertyPath: m_LocalPosition.x
      value: -0.58617985
      objectReference: {fileID: 0}
    - target: {fileID: 2098411325431191630, guid: 52d41f38ec6be1a4a906b7ca47897c2c,
        type: 3}
      propertyPath: m_LocalPosition.y
      value: -0.62731314
      objectReference: {fileID: 0}
    - target: {fileID: 2098411325431191630, guid: 52d41f38ec6be1a4a906b7ca47897c2c,
        type: 3}
      propertyPath: m_LocalPosition.z
      value: -0.44694334
      objectReference: {fileID: 0}
    - target: {fileID: 2098411325431191630, guid: 52d41f38ec6be1a4a906b7ca47897c2c,
        type: 3}
      propertyPath: m_LocalRotation.w
      value: 1
      objectReference: {fileID: 0}
    - target: {fileID: 2098411325431191630, guid: 52d41f38ec6be1a4a906b7ca47897c2c,
        type: 3}
      propertyPath: m_LocalRotation.x
      value: -0
      objectReference: {fileID: 0}
    - target: {fileID: 2098411325431191630, guid: 52d41f38ec6be1a4a906b7ca47897c2c,
        type: 3}
      propertyPath: m_LocalRotation.y
      value: -0
      objectReference: {fileID: 0}
    - target: {fileID: 2098411325431191630, guid: 52d41f38ec6be1a4a906b7ca47897c2c,
        type: 3}
      propertyPath: m_LocalRotation.z
      value: -0
      objectReference: {fileID: 0}
    - target: {fileID: 2098411325431191630, guid: 52d41f38ec6be1a4a906b7ca47897c2c,
        type: 3}
      propertyPath: m_LocalEulerAnglesHint.x
      value: 0
      objectReference: {fileID: 0}
    - target: {fileID: 2098411325431191630, guid: 52d41f38ec6be1a4a906b7ca47897c2c,
        type: 3}
      propertyPath: m_LocalEulerAnglesHint.y
      value: 0
      objectReference: {fileID: 0}
    - target: {fileID: 2098411325431191630, guid: 52d41f38ec6be1a4a906b7ca47897c2c,
        type: 3}
      propertyPath: m_LocalEulerAnglesHint.z
      value: 0
      objectReference: {fileID: 0}
    - target: {fileID: 7103391169719211281, guid: 52d41f38ec6be1a4a906b7ca47897c2c,
        type: 3}
      propertyPath: m_Name
      value: SpawnPositionDown
      objectReference: {fileID: 0}
    m_RemovedComponents: []
  m_SourcePrefab: {fileID: 100100000, guid: 52d41f38ec6be1a4a906b7ca47897c2c, type: 3}
--- !u!4 &1195023015446364626 stripped
Transform:
  m_CorrespondingSourceObject: {fileID: 2098411325431191630, guid: 52d41f38ec6be1a4a906b7ca47897c2c,
    type: 3}
  m_PrefabInstance: {fileID: 975766964169562524}
  m_PrefabAsset: {fileID: 0}
--- !u!1001 &2439414873094665048
PrefabInstance:
  m_ObjectHideFlags: 0
  serializedVersion: 2
  m_Modification:
    m_TransformParent: {fileID: 7095708631206608304}
    m_Modifications:
    - target: {fileID: 5754388562989216089, guid: 8fddf9d7d4af62340bc5ce212d428138,
        type: 3}
      propertyPath: m_Name
      value: SpawnPositionLeft
      objectReference: {fileID: 0}
    - target: {fileID: 5754388562989216090, guid: 8fddf9d7d4af62340bc5ce212d428138,
        type: 3}
      propertyPath: m_RootOrder
      value: 5
      objectReference: {fileID: 0}
    - target: {fileID: 5754388562989216090, guid: 8fddf9d7d4af62340bc5ce212d428138,
        type: 3}
      propertyPath: m_LocalPosition.x
      value: -1.300828
      objectReference: {fileID: 0}
    - target: {fileID: 5754388562989216090, guid: 8fddf9d7d4af62340bc5ce212d428138,
        type: 3}
      propertyPath: m_LocalPosition.y
      value: -0.15485132
      objectReference: {fileID: 0}
    - target: {fileID: 5754388562989216090, guid: 8fddf9d7d4af62340bc5ce212d428138,
        type: 3}
      propertyPath: m_LocalPosition.z
      value: -0.44694334
      objectReference: {fileID: 0}
    - target: {fileID: 5754388562989216090, guid: 8fddf9d7d4af62340bc5ce212d428138,
        type: 3}
      propertyPath: m_LocalRotation.w
      value: 1
      objectReference: {fileID: 0}
    - target: {fileID: 5754388562989216090, guid: 8fddf9d7d4af62340bc5ce212d428138,
        type: 3}
      propertyPath: m_LocalRotation.x
      value: -0
      objectReference: {fileID: 0}
    - target: {fileID: 5754388562989216090, guid: 8fddf9d7d4af62340bc5ce212d428138,
        type: 3}
      propertyPath: m_LocalRotation.y
      value: -0
      objectReference: {fileID: 0}
    - target: {fileID: 5754388562989216090, guid: 8fddf9d7d4af62340bc5ce212d428138,
        type: 3}
      propertyPath: m_LocalRotation.z
      value: -0
      objectReference: {fileID: 0}
    - target: {fileID: 5754388562989216090, guid: 8fddf9d7d4af62340bc5ce212d428138,
        type: 3}
      propertyPath: m_LocalEulerAnglesHint.x
      value: 0
      objectReference: {fileID: 0}
    - target: {fileID: 5754388562989216090, guid: 8fddf9d7d4af62340bc5ce212d428138,
        type: 3}
      propertyPath: m_LocalEulerAnglesHint.y
      value: 0
      objectReference: {fileID: 0}
    - target: {fileID: 5754388562989216090, guid: 8fddf9d7d4af62340bc5ce212d428138,
        type: 3}
      propertyPath: m_LocalEulerAnglesHint.z
      value: 0
      objectReference: {fileID: 0}
    m_RemovedComponents: []
  m_SourcePrefab: {fileID: 100100000, guid: 8fddf9d7d4af62340bc5ce212d428138, type: 3}
--- !u!4 &7926681759022203394 stripped
Transform:
  m_CorrespondingSourceObject: {fileID: 5754388562989216090, guid: 8fddf9d7d4af62340bc5ce212d428138,
    type: 3}
  m_PrefabInstance: {fileID: 2439414873094665048}
  m_PrefabAsset: {fileID: 0}
--- !u!1001 &5584865151018852420
PrefabInstance:
  m_ObjectHideFlags: 0
  serializedVersion: 2
  m_Modification:
    m_TransformParent: {fileID: 7095708631206608304}
    m_Modifications:
    - target: {fileID: 4277519350046842392, guid: d620795f544133b40a850a3734dc7595,
        type: 3}
      propertyPath: m_RootOrder
      value: 3
      objectReference: {fileID: 0}
    - target: {fileID: 4277519350046842392, guid: d620795f544133b40a850a3734dc7595,
        type: 3}
      propertyPath: m_LocalPosition.x
      value: -0.6616149
      objectReference: {fileID: 0}
    - target: {fileID: 4277519350046842392, guid: d620795f544133b40a850a3734dc7595,
        type: 3}
      propertyPath: m_LocalPosition.y
      value: -0.12705949
      objectReference: {fileID: 0}
    - target: {fileID: 4277519350046842392, guid: d620795f544133b40a850a3734dc7595,
        type: 3}
      propertyPath: m_LocalPosition.z
      value: -0.44694334
      objectReference: {fileID: 0}
    - target: {fileID: 4277519350046842392, guid: d620795f544133b40a850a3734dc7595,
        type: 3}
      propertyPath: m_LocalRotation.w
      value: 1
      objectReference: {fileID: 0}
    - target: {fileID: 4277519350046842392, guid: d620795f544133b40a850a3734dc7595,
        type: 3}
      propertyPath: m_LocalRotation.x
      value: -0
      objectReference: {fileID: 0}
    - target: {fileID: 4277519350046842392, guid: d620795f544133b40a850a3734dc7595,
        type: 3}
      propertyPath: m_LocalRotation.y
      value: -0
      objectReference: {fileID: 0}
    - target: {fileID: 4277519350046842392, guid: d620795f544133b40a850a3734dc7595,
        type: 3}
      propertyPath: m_LocalRotation.z
      value: -0
      objectReference: {fileID: 0}
    - target: {fileID: 4277519350046842392, guid: d620795f544133b40a850a3734dc7595,
        type: 3}
      propertyPath: m_LocalEulerAnglesHint.x
      value: 0
      objectReference: {fileID: 0}
    - target: {fileID: 4277519350046842392, guid: d620795f544133b40a850a3734dc7595,
        type: 3}
      propertyPath: m_LocalEulerAnglesHint.y
      value: 0
      objectReference: {fileID: 0}
    - target: {fileID: 4277519350046842392, guid: d620795f544133b40a850a3734dc7595,
        type: 3}
      propertyPath: m_LocalEulerAnglesHint.z
      value: 0
      objectReference: {fileID: 0}
    - target: {fileID: 4277519350046842393, guid: d620795f544133b40a850a3734dc7595,
        type: 3}
      propertyPath: m_Name
      value: SpawnPositionUp
      objectReference: {fileID: 0}
    m_RemovedComponents: []
  m_SourcePrefab: {fileID: 100100000, guid: d620795f544133b40a850a3734dc7595, type: 3}
--- !u!4 &8565178453514075740 stripped
Transform:
  m_CorrespondingSourceObject: {fileID: 4277519350046842392, guid: d620795f544133b40a850a3734dc7595,
    type: 3}
  m_PrefabInstance: {fileID: 5584865151018852420}
  m_PrefabAsset: {fileID: 0}
--- !u!1001 &8935033723468318783
PrefabInstance:
  m_ObjectHideFlags: 0
  serializedVersion: 2
  m_Modification:
    m_TransformParent: {fileID: 7095708631206608304}
    m_Modifications:
    - target: {fileID: 5095097829162187931, guid: 592ce68434976d8418d923382203c7f0,
        type: 3}
      propertyPath: m_RootOrder
      value: 4
      objectReference: {fileID: 0}
    - target: {fileID: 5095097829162187931, guid: 592ce68434976d8418d923382203c7f0,
        type: 3}
      propertyPath: m_LocalPosition.x
      value: -0.09386665
      objectReference: {fileID: 0}
    - target: {fileID: 5095097829162187931, guid: 592ce68434976d8418d923382203c7f0,
        type: 3}
      propertyPath: m_LocalPosition.y
      value: -0.2580783
      objectReference: {fileID: 0}
    - target: {fileID: 5095097829162187931, guid: 592ce68434976d8418d923382203c7f0,
        type: 3}
      propertyPath: m_LocalPosition.z
      value: -0.44694334
      objectReference: {fileID: 0}
    - target: {fileID: 5095097829162187931, guid: 592ce68434976d8418d923382203c7f0,
        type: 3}
      propertyPath: m_LocalRotation.w
      value: 1
      objectReference: {fileID: 0}
    - target: {fileID: 5095097829162187931, guid: 592ce68434976d8418d923382203c7f0,
        type: 3}
      propertyPath: m_LocalRotation.x
      value: -0
      objectReference: {fileID: 0}
    - target: {fileID: 5095097829162187931, guid: 592ce68434976d8418d923382203c7f0,
        type: 3}
      propertyPath: m_LocalRotation.y
      value: -0
      objectReference: {fileID: 0}
    - target: {fileID: 5095097829162187931, guid: 592ce68434976d8418d923382203c7f0,
        type: 3}
      propertyPath: m_LocalRotation.z
      value: -0
      objectReference: {fileID: 0}
    - target: {fileID: 5095097829162187931, guid: 592ce68434976d8418d923382203c7f0,
        type: 3}
      propertyPath: m_LocalEulerAnglesHint.x
      value: 0
      objectReference: {fileID: 0}
    - target: {fileID: 5095097829162187931, guid: 592ce68434976d8418d923382203c7f0,
        type: 3}
      propertyPath: m_LocalEulerAnglesHint.y
      value: 0
      objectReference: {fileID: 0}
    - target: {fileID: 5095097829162187931, guid: 592ce68434976d8418d923382203c7f0,
        type: 3}
      propertyPath: m_LocalEulerAnglesHint.z
      value: 0
      objectReference: {fileID: 0}
    - target: {fileID: 8610693196856719277, guid: 592ce68434976d8418d923382203c7f0,
        type: 3}
      propertyPath: m_Name
      value: SpawnPositionRight
      objectReference: {fileID: 0}
    m_RemovedComponents: []
  m_SourcePrefab: {fileID: 100100000, guid: 592ce68434976d8418d923382203c7f0, type: 3}
--- !u!4 &4416608122477769892 stripped
Transform:
  m_CorrespondingSourceObject: {fileID: 5095097829162187931, guid: 592ce68434976d8418d923382203c7f0,
    type: 3}
  m_PrefabInstance: {fileID: 8935033723468318783}
  m_PrefabAsset: {fileID: 0}
